@misc {
	rfc1035,
	Author = {Mockapetris, P.},
	Title = {{R}{F}{C} 1035 {D}omain {I}mplementation and {S}pecification},
	Year = {1987}
}
@misc {
	rfc2929,
	Author = {Eastlake. et al.},
	Title = {{R}{F}{C} 2929 {D}{N}{S} {I}{A}{N}{A} {C}onsiderations},
	Year = {2000}
}
@misc {
	rfc2671,
	Author = {Vixie, P.},
	Title = {{R}{F}{C} 2671 {E}xtension {M}echanisms for {D}{N}{S}},
	Year = {1999}
}
@misc {
	rfc2136,
	Author = {Vixie, P. et al.},
	Title = {{R}{F}{C} 2136 {D}ynamic {U}pdates in the {D}omain {N}ame {S}ystem},
	Year = {1997} 
}
@misc{bind,
  title = {BIND},
  author = {Internet Systems Consortium},
  howpublished = {\url{https://www.isc.org/downloads/bind/}},
  note = {Accessed: 25/02/2015}
}
@misc{rusthttp,
  title = {rust-http},
  author = {Chris Morgan},
  howpublished = {\url{https://github.com/chris-morgan/rust-http}},
  note = {Accessed: 25/02/2015}
}
@misc{teepee,
  title = {Teepee},
  author = {Chris Morgan},
  howpublished = {\url{http://chrismorgan.info/blog/introducing-teepee.html}},
  note = {Accessed: 25/02/2015}
}